<record><leader>00000cas a22000007a 4500</leader><controlfield tag="001">15466822</controlfield><controlfield tag="008">870331d19231937inuwr ne      0    0eng d</controlfield><datafield ind1=" " ind2=" " tag="010"><subfield code="a">sn 87055827 </subfield></datafield><datafield ind1=" " ind2=" " tag="040"><subfield code="a">NPI</subfield><subfield code="b">eng</subfield><subfield code="c">NPI</subfield><subfield code="d">OCLCQ</subfield></datafield><datafield ind1=" " ind2=" " tag="042"><subfield code="a">msc</subfield></datafield><datafield ind1="0" ind2=" " tag="130"><subfield code="a">Syracuse journal (Syracuse, Ind. : 1923)</subfield></datafield><datafield ind1="1" ind2="4" tag="245"><subfield code="a">The Syracuse journal.</subfield></datafield><datafield ind1=" " ind2=" " tag="260"><subfield code="a">Syracuse, Ind. :</subfield><subfield code="b">H.A. Buettner,</subfield><subfield code="c">1923-1937.</subfield></datafield><datafield ind1=" " ind2=" " tag="310"><subfield code="a">Weekly</subfield></datafield><datafield ind1="0" ind2=" " tag="362"><subfield code="a">Vol. 16, no. 1 (May 3, 1923)-v. 29, no. 46 (Mar. 18, 1937).</subfield></datafield><datafield ind1=" " ind2=" " tag="752"><subfield code="a">United States</subfield><subfield code="b">Indiana</subfield><subfield code="c">Kosciusko</subfield><subfield code="d">Syracuse.</subfield></datafield><datafield ind1="0" ind2="0" tag="780"><subfield code="t">Syracuse and Lake Wawasee journal</subfield><subfield code="w">(DLC)sn 87055826</subfield></datafield><datafield ind1="0" ind2="0" tag="785"><subfield code="t">Indiana journal (Syracuse, Ind.)</subfield><subfield code="w">(DLC)sn 87055828</subfield></datafield></record>